

@ARTICLE{gmkl,
author={H. Yang and Z. Xu and J. Ye and I. King and M. R. Lyu},
journal={IEEE Transactions on Neural Networks},
title={Efficient Sparse Generalized Multiple Kernel Learning},
year={2011},
volume={22},
number={3},
pages={433-446},
keywords={convex programming;learning (artificial intelligence);principal component analysis;support vector machines;convex optimization problem;elastic-net-type constraint;kernel methods;kernel principal component analysis;optimal kernel combination weights;sparse generalized multiple kernel learning;sparsity property;support vector machines;Analytical models;Convex functions;Correlation;Kernel;Noise;Optimization;Programming;Grouping effect;Kernel methods;level method;multiple Kernel learning;Algorithms;Artificial Intelligence;Models, Neurological;Neural Networks (Computer);Pattern Recognition, Automated;Teaching},
doi={10.1109/TNN.2010.2103571},
ISSN={1045-9227},
month={March},}
